% Sample Bibliography for AI Agentic LaTeX Development
% This file contains examples of different BibTeX entry types

% Article entry
@article{lamport1994latex,
    title={LaTeX: A document preparation system},
    author={Lamport, Leslie},
    journal={Addison-Wesley Professional},
    year={1994},
    volume={2},
    edition={2}
}

% Book entry
@book{knuth1984texbook,
    title={The TeXbook},
    author={Knuth, Donald E},
    year={1984},
    publisher={Addison-Wesley}
}

% Conference paper entry
@inproceedings{mittelbach2004latex,
    title={The LaTeX companion},
    author={Mittelbach, Frank and Goossens, Michel and Braams, Johannes and Carlisle, David and Rowley, Chris},
    booktitle={Tools and Techniques for Computer Typesetting},
    year={2004},
    organization={Addison-Wesley}
}

% Technical report entry
@techreport{patashnik1988bibtex,
    title={BibTeXing},
    author={Patashnik, Oren},
    year={1988},
    institution={Stanford University},
    type={Technical Report}
}

% Website entry
@misc{latexproject,
    title={The LaTeX Project},
    author={{The LaTeX Project}},
    year={2023},
    url={https://www.latex-project.org/},
    note={Accessed: 2023-12-01}
}

% Thesis entry
@phdthesis{example2023thesis,
    title={Example PhD Thesis Title},
    author={Example, Author},
    year={2023},
    school={University Name},
    address={City, Country}
}

% Master's thesis entry
@mastersthesis{example2022masters,
    title={Example Master's Thesis Title},
    author={Example, Student},
    year={2022},
    school={University Name},
    address={City, Country}
}

% In collection entry
@incollection{example2021chapter,
    title={Example Chapter Title},
    author={Example, Writer},
    booktitle={Example Book Title},
    editor={Editor, Name},
    year={2021},
    publisher={Publisher Name},
    address={City, Country},
    pages={123--145}
}

% Manual entry
@manual{example2020manual,
    title={Example Software Manual},
    author={{Software Company}},
    year={2020},
    organization={Software Company},
    address={City, Country}
}

% Unpublished entry
@unpublished{example2023unpublished,
    title={Example Unpublished Work},
    author={Example, Author},
    year={2023},
    note={Unpublished manuscript}
}

% Patent entry
@patent{example2022patent,
    title={Example Patent Title},
    author={Inventor, Name},
    year={2022},
    number={US Patent 1234567},
    country={United States}
}
